@book{aima,
    title = {Artificial Intelligence: A mordern Approach},
    publisher={Pearson},
    address = {Pearson PLC, London},
    year = {2010},
    edition = {Third Edition},
    language = {eng},
    author = {Stuart J. Russel, Peter Norvig},
}

@article{nfl,
    title = {Coevolutionary free lunches},
    journal = {IEEE Transac. on Evolutionary Computation},
    pages = {721-735},
    year = {2005},
    author = {D.H. Wolpert, W.G. Macready}
}

